<?xml version="1.0" encoding="UTF-8"?><collection xmlns="http://www.loc.gov/MARC21/slim"><record><leader>00499nam--2200181-i-4500</leader><controlfield tag="001">000004225</controlfield><controlfield tag="002">20161230</controlfield><controlfield tag="005">20161230201025</controlfield><controlfield tag="008">060222s1000------------r-----000-0-eng-d</controlfield><datafield ind1=" " ind2=" " tag="040"><subfield code="a">IFIN-HH</subfield></datafield><datafield ind1=" " ind2=" " tag="080"><subfield code="a">539.31</subfield></datafield><datafield ind1="1" ind2=" " tag="100"><subfield code="a">Coker, E.G</subfield></datafield><datafield ind1="1" ind2="0" tag="245"><subfield code="a">A treatise on photo-elasticity</subfield><subfield code="b">Revised by h.t.jessop</subfield><subfield code="c">E.g. coker, l.n.g. filon</subfield></datafield><datafield ind1=" " ind2=" " tag="260"><subfield code="a">Cambridge</subfield><subfield code="b">At The University Press</subfield><subfield code="c">1957</subfield></datafield><datafield ind1=" " ind2=" " tag="300"><subfield code="a">XXXV +720P</subfield></datafield><datafield ind1="1" ind2=" " tag="700"><subfield code="a">Filon, L.N.G</subfield></datafield><datafield ind1=" " ind2=" " tag="852"><subfield code="a">12425</subfield><subfield code="c">539.3</subfield></datafield><datafield ind1=" " ind2=" " tag="CAT"><subfield code="a">Sys</subfield><subfield code="c">20121220</subfield><subfield code="h">140751</subfield></datafield></record></collection>